%% This BibTeX bibliography file was created using BibDesk.
%% http://bibdesk.sourceforge.net/

%% Created for Leander Tentrup at 2018-04-18 15:05:53 +0200 


%% Saved with string encoding Unicode (UTF-8) 



@inproceedings{conf/cav/Tentrup17,
	Author = {Leander Tentrup},
	Bibsource = {dblp computer science bibliography, https://dblp.org},
	Biburl = {https://dblp.org/rec/bib/conf/cav/Tentrup17},
	Booktitle = {Proceedings of {CAV}},
	Date-Added = {2018-04-18 13:05:52 +0000},
	Date-Modified = {2018-04-18 13:05:52 +0000},
	Doi = {10.1007/978-3-319-63390-9_25},
	Pages = {475--494},
	Publisher = {Springer},
	Series = {LNCS},
	Timestamp = {Fri, 14 Jul 2017 13:10:55 +0200},
	Title = {On Expansion and Resolution in {CEGAR} Based {QBF} Solving},
	Volume = {10427},
	Year = {2017},
	Bdsk-Url-1 = {https://doi.org/10.1007/978-3-319-63390-9_25}}

@inproceedings{conf/fmcad/RabeT15,
	Author = {Markus N. Rabe and Leander Tentrup},
	Bibsource = {dblp computer science bibliography, https://dblp.org},
	Biburl = {https://dblp.org/rec/bib/conf/fmcad/RabeT15},
	Booktitle = {Proceedings of {FMCAD}},
	Date-Added = {2018-04-18 13:05:11 +0000},
	Date-Modified = {2018-04-18 13:05:11 +0000},
	Pages = {136--143},
	Publisher = {IEEE},
	Timestamp = {Thu, 07 Jan 2016 15:57:52 +0100},
	Title = {{CAQE:} {A} Certifying {QBF} Solver},
	Year = {2015}}
