%% This BibTeX bibliography file was created using BibDesk.
%% http://bibdesk.sourceforge.net/

%% Created for Leander Tentrup at 2019-04-30 12:25:50 +0200 


%% Saved with string encoding Unicode (UTF-8) 



@article{journals/tcs/JanotaM15,
	Author = {Mikol{\'{a}}s Janota and Jo{\~{a}}o Marques{-}Silva},
	Bibsource = {dblp computer science bibliography, https://dblp.org},
	Biburl = {https://dblp.org/rec/bib/journals/tcs/JanotaM15},
	Date-Added = {2019-04-30 08:36:00 +0000},
	Date-Modified = {2019-04-30 08:36:00 +0000},
	Doi = {10.1016/j.tcs.2015.01.048},
	Journal = {Theor. Comput. Sci.},
	Pages = {25--42},
	Timestamp = {Fri, 28 Sep 2018 12:48:40 +0200},
	Title = {Expansion-based {QBF} solving versus Q-resolution},
	Volume = {577},
	Year = {2015},
	Bdsk-Url-1 = {https://doi.org/10.1016/j.tcs.2015.01.048}}

@inproceedings{conf/sat/Tentrup16,
	Author = {Leander Tentrup},
	Bibsource = {dblp computer science bibliography, https://dblp.org},
	Biburl = {https://dblp.org/rec/bib/conf/sat/Tentrup16},
	Booktitle = {Proceedings of {SAT}},
	Date-Added = {2019-04-30 08:08:42 +0000},
	Date-Modified = {2019-04-30 08:08:42 +0000},
	Doi = {10.1007/978-3-319-40970-2\_24},
	Pages = {393--401},
	Publisher = {Springer},
	Series = {LNCS},
	Timestamp = {Tue, 23 May 2017 01:08:19 +0200},
	Title = {Non-prenex {QBF} Solving Using Abstraction},
	Volume = {9710},
	Year = {2016},
	Bdsk-Url-1 = {https://doi.org/10.1007/978-3-319-40970-2%5C_24}}

@inproceedings{conf/ijcai/JanotaM15,
	Author = {Mikol{\'{a}}s Janota and Jo{\~{a}}o Marques{-}Silva},
	Bibsource = {dblp computer science bibliography, https://dblp.org},
	Biburl = {https://dblp.org/rec/bib/conf/ijcai/JanotaM15},
	Booktitle = {Proceedings of {IJCAI}},
	Date-Added = {2019-04-30 08:04:23 +0000},
	Date-Modified = {2019-04-30 08:04:23 +0000},
	Pages = {325--331},
	Publisher = {{AAAI} Press},
	Timestamp = {Fri, 26 Apr 2019 14:26:43 +0200},
	Title = {Solving {QBF} by Clause Selection},
	Url = {http://ijcai.org/Abstract/15/052},
	Year = {2015},
	Bdsk-Url-1 = {http://ijcai.org/Abstract/15/052}}

@inproceedings{conf/sat/RabeT19,
	Author = {Markus N. Rabe and Leander Tentrup},
	Booktitle = {To appear at {SAT}},
	Date-Added = {2019-04-30 07:59:40 +0000},
	Date-Modified = {2019-04-30 07:59:58 +0000},
	Title = {Clausal Abstraction for DQBF},
	Year = {2019}}

@inproceedings{journals/corr/Tentrup16,
	Author = {Jesko Hecking{-}Harbusch and Leander Tentrup},
	Bibsource = {dblp computer science bibliography, https://dblp.org},
	Biburl = {https://dblp.org/rec/bib/journals/corr/Tentrup16},
	Booktitle = {Proceedings Ninth International Symposium on Games, Automata, Logics, and Formal Verification, GandALF 2018, Saarbr{\"{u}}cken, Germany, 26-28th September 2018.},
	Date-Added = {2019-04-30 07:58:52 +0000},
	Date-Modified = {2019-04-30 07:58:52 +0000},
	Doi = {10.4204/EPTCS.277.7},
	Pages = {88--102},
	Series = {{EPTCS}},
	Timestamp = {Wed, 24 Oct 2018 11:28:26 +0200},
	Title = {Solving {QBF} by Abstraction},
	Volume = {277},
	Year = {2018},
	Bdsk-Url-1 = {https://doi.org/10.4204/EPTCS.277.7}}

@inproceedings{conf/date/SeidlK14,
	Author = {Martina Seidl and Robert K{\"{o}}nighofer},
	Bibsource = {dblp computer science bibliography, https://dblp.org},
	Biburl = {https://dblp.org/rec/bib/conf/date/SeidlK14},
	Booktitle = {Proceedings of {DATE}},
	Date-Added = {2018-04-20 20:23:12 +0000},
	Date-Modified = {2018-04-20 20:23:12 +0000},
	Doi = {10.7873/DATE.2014.162},
	Pages = {1--6},
	Publisher = {European Design and Automation Association},
	Timestamp = {Wed, 15 Nov 2017 16:53:38 +0100},
	Title = {Partial witnesses from preprocessed quantified Boolean formulas},
	Year = {2014},
	Bdsk-Url-1 = {https://doi.org/10.7873/DATE.2014.162}}

@inproceedings{conf/sat/SoosNC09,
	Author = {Mate Soos and Karsten Nohl and Claude Castelluccia},
	Bibsource = {dblp computer science bibliography, https://dblp.org},
	Biburl = {https://dblp.org/rec/bib/conf/sat/SoosNC09},
	Booktitle = {Proceedings of {SAT}},
	Date-Added = {2018-04-18 14:21:23 +0000},
	Date-Modified = {2018-04-18 14:21:23 +0000},
	Doi = {10.1007/978-3-642-02777-2_24},
	Pages = {244--257},
	Publisher = {Springer},
	Series = {LNCS},
	Timestamp = {Tue, 23 May 2017 01:08:19 +0200},
	Title = {Extending {SAT} Solvers to Cryptographic Problems},
	Volume = {5584},
	Year = {2009},
	Bdsk-Url-1 = {https://doi.org/10.1007/978-3-642-02777-2_24}}

@inproceedings{conf/tacas/WimmerRM017,
	Author = {Ralf Wimmer and Sven Reimer and Paolo Marin and Bernd Becker},
	Bibsource = {dblp computer science bibliography, https://dblp.org},
	Biburl = {https://dblp.org/rec/bib/conf/tacas/WimmerRM017},
	Booktitle = {Proceedings of {TACAS}},
	Date-Added = {2018-04-18 13:54:38 +0000},
	Date-Modified = {2018-04-18 13:54:38 +0000},
	Doi = {10.1007/978-3-662-54577-5_21},
	Pages = {373--390},
	Series = {LNCS},
	Timestamp = {Wed, 24 May 2017 08:28:32 +0200},
	Title = {HQSpre - An Effective Preprocessor for {QBF} and {DQBF}},
	Volume = {10205},
	Year = {2017},
	Bdsk-Url-1 = {https://doi.org/10.1007/978-3-662-54577-5_21}}

@inproceedings{conf/cade/BiereLS11,
	Author = {Armin Biere and Florian Lonsing and Martina Seidl},
	Bibsource = {dblp computer science bibliography, https://dblp.org},
	Biburl = {https://dblp.org/rec/bib/conf/cade/BiereLS11},
	Booktitle = {Proceedings of {CADE-23}},
	Date-Added = {2018-04-18 13:53:42 +0000},
	Date-Modified = {2018-04-18 14:18:24 +0000},
	Doi = {10.1007/978-3-642-22438-6_10},
	Pages = {101--115},
	Publisher = {Springer},
	Series = {LNCS},
	Timestamp = {Sun, 21 May 2017 00:17:18 +0200},
	Title = {Blocked Clause Elimination for {QBF}},
	Volume = {6803},
	Year = {2011},
	Bdsk-Url-1 = {https://doi.org/10.1007/978-3-642-22438-6_10}}

@inproceedings{conf/cav/Tentrup17,
	Author = {Leander Tentrup},
	Bibsource = {dblp computer science bibliography, https://dblp.org},
	Biburl = {https://dblp.org/rec/bib/conf/cav/Tentrup17},
	Booktitle = {Proceedings of {CAV}},
	Date-Added = {2018-04-18 13:05:52 +0000},
	Date-Modified = {2018-04-18 13:05:52 +0000},
	Doi = {10.1007/978-3-319-63390-9_25},
	Pages = {475--494},
	Publisher = {Springer},
	Series = {LNCS},
	Timestamp = {Fri, 14 Jul 2017 13:10:55 +0200},
	Title = {On Expansion and Resolution in {CEGAR} Based {QBF} Solving},
	Volume = {10427},
	Year = {2017},
	Bdsk-Url-1 = {https://doi.org/10.1007/978-3-319-63390-9_25}}

@inproceedings{conf/fmcad/RabeT15,
	Author = {Markus N. Rabe and Leander Tentrup},
	Bibsource = {dblp computer science bibliography, https://dblp.org},
	Biburl = {https://dblp.org/rec/bib/conf/fmcad/RabeT15},
	Booktitle = {Proceedings of {FMCAD}},
	Date-Added = {2018-04-18 13:05:11 +0000},
	Date-Modified = {2018-04-18 13:05:11 +0000},
	Pages = {136--143},
	Publisher = {IEEE},
	Timestamp = {Thu, 07 Jan 2016 15:57:52 +0100},
	Title = {{CAQE:} {A} Certifying {QBF} Solver},
	Year = {2015}}
